<record><leader>00000cas a22000007a 4500</leader><controlfield tag="001">28282739</controlfield><controlfield tag="008">930616d184u1uuuncudr ne      0    0eng d</controlfield><datafield ind1=" " ind2=" " tag="010"><subfield code="a">sn 93065638 </subfield></datafield><datafield ind1=" " ind2=" " tag="040"><subfield code="a">NVJ</subfield><subfield code="b">eng</subfield><subfield code="c">NVJ</subfield><subfield code="d">OCLCQ</subfield></datafield><datafield ind1=" " ind2=" " tag="042"><subfield code="a">msc</subfield></datafield><datafield ind1="0" ind2=" " tag="130"><subfield code="a">Mobile tribune (Mobile, Ala.)</subfield></datafield><datafield ind1="1" ind2="0" tag="245"><subfield code="a">Mobile tribune.</subfield></datafield><datafield ind1="1" ind2="3" tag="246"><subfield code="a">Daily herald &amp; tribune</subfield></datafield><datafield ind1=" " ind2=" " tag="260"><subfield code="a">Mobile, Ala. :</subfield><subfield code="b">McGuire, Ballentyne &amp; Co.</subfield></datafield><datafield ind1=" " ind2=" " tag="300"><subfield code="a">v.</subfield></datafield><datafield ind1=" " ind2=" " tag="310"><subfield code="a">Daily</subfield></datafield><datafield ind1=" " ind2=" " tag="588"><subfield code="a">Description based on: Vol. 11, no. 7094 (Aug. 29, 1852).</subfield></datafield><datafield ind1=" " ind2=" " tag="752"><subfield code="a">United States</subfield><subfield code="b">Alabama</subfield><subfield code="c">Mobile</subfield><subfield code="d">Mobile.</subfield></datafield></record>